<record><leader>00000cas a22000007a 4500</leader><controlfield tag="001">14205452</controlfield><controlfield tag="008">860911d19051977mauwr ne      0    0eng  </controlfield><controlfield tag="009">466</controlfield><datafield ind1=" " ind2=" " tag="010"><subfield code="a">sn 86071915 </subfield></datafield><datafield ind1=" " ind2=" " tag="040"><subfield code="a">DLC</subfield><subfield code="b">eng</subfield><subfield code="c">DLC</subfield><subfield code="d">MGN</subfield></datafield><datafield ind1="1" ind2=" " tag="029"><subfield code="a">AU@</subfield><subfield code="b">000025794279</subfield></datafield><datafield ind1=" " ind2=" " tag="042"><subfield code="a">msc</subfield></datafield><datafield ind1="0" ind2="0" tag="050"><subfield code="a">Newspaper 8381</subfield></datafield><datafield ind1="0" ind2="0" tag="245"><subfield code="a">Weymouth gazette and transcript.</subfield></datafield><datafield ind1="0" ind2="0" tag="246"><subfield code="a">Weymouth gazette transcript</subfield></datafield><datafield ind1=" " ind2=" " tag="260"><subfield code="a">Weymouth, Mass. :</subfield><subfield code="b">Gazette and Transcript Pub. Co.,</subfield></datafield><datafield ind1=" " ind2=" " tag="300"><subfield code="a">v. :</subfield><subfield code="b">ill. ;</subfield><subfield code="c">55 cm.</subfield></datafield><datafield ind1=" " ind2=" " tag="310"><subfield code="a">Weekly</subfield></datafield><datafield ind1="0" ind2=" " tag="362"><subfield code="a">Vol. 39, no. 6 (May 5, 1905)-v. 110, no. 50 (Dec. 15, 1977).</subfield></datafield><datafield ind1=" " ind2=" " tag="500"><subfield code="a">Printed on rag paper July 6, 1928-Feb. 5, 19, 1932.</subfield></datafield><datafield ind1=" " ind2=" " tag="500"><subfield code="a">Published as: Weymouth gazette transcript, July 20, 1928-May 16, 1930.</subfield></datafield><datafield ind1=" " ind2=" " tag="500"><subfield code="a">"Independent."</subfield></datafield><datafield ind1=" " ind2=" " tag="752"><subfield code="a">United States</subfield><subfield code="b">Massachusetts</subfield><subfield code="c">Norfolk</subfield><subfield code="d">Weymouth.</subfield></datafield><datafield ind1="0" ind2="4" tag="780"><subfield code="t">Weymouth gazette</subfield><subfield code="w">(DLC)sn 89063457</subfield></datafield><datafield ind1="0" ind2="4" tag="780"><subfield code="t">Weymouth transcript</subfield><subfield code="w">(DLC)sn 86071415</subfield></datafield><datafield ind1="0" ind2="7" tag="785"><subfield code="t">Weymouth news</subfield><subfield code="w">(DLC)sn 89063458</subfield></datafield><datafield ind1="0" ind2="7" tag="785"><subfield code="t">Weymouth news and gazette</subfield><subfield code="w">(DLC)sn 89063459</subfield></datafield></record>